@preamble{ " \newcommand{\noop}[1]{} " } % a do-nothing command that serves a purpose

@article{lo2021dynamic,
  title={Dynamic object tracking on autonomous UAV system for surveillance applications},
  author={Lo, Li-Yu and Yiu, Chi Hao and Tang, Yu and Yang, An-Shik and Li, Boyang and Wen, Chih-Yung},
  journal={Sensors},
  volume={21},
  number={23},
  pages={7888},
  year={2021},
  publisher={MDPI}
}

@inproceedings{lo2024adaptive,
  title={An Adaptive Model Predictive Control for Unmanned Underwater Vehicles Subject to External Disturbances and Measurement Noise},
  author={Lo, Li-Yu and Hu, Yang and Li, Boyang and Wen, Chih-Yung and Yang, Yefeng},
  booktitle={2024 14th Asian Control Conference (ASCC)},
  pages={01--07},
  year={2024},
  organization={IEEE}
}

@inproceedings{lo2023landing,
  title={Landing a Quadrotor on a Ground Vehicle without Exteroceptive Airborne Sensors: A Non-Robocentric Framework and Implementation},
  author={Lo, Li-Yu and Li, Boyang and Wen, Chih-Yung and Chang, Ching-Wei},
  booktitle={2023 IEEE 26th International Conference on Intelligent Transportation Systems (ITSC)},
  pages={6080--6087},
  year={2023},
  organization={IEEE}
}
